<record xmlns="http://www.loc.gov/MARC21/slim" xmlns:xsi="http://www.w3.org/2001/XMLSchema-instance" xsi:schemaLocation="http://www.loc.gov/MARC21/slim http://www.loc.gov/standards/marcxml/schema/MARC21slim.xsd"><leader>01931nam a2200361   4500</leader><controlfield tag="001">3073849</controlfield><controlfield tag="003">NNC</controlfield><controlfield tag="006">m        d        </controlfield><controlfield tag="007">cr cn |||m|||a</controlfield><controlfield tag="008">150223s1861    ir      o     000 0 ara d</controlfield><datafield ind1=" " ind2=" " tag="040"><subfield code="a">NNU</subfield><subfield code="b">eng</subfield><subfield code="c">NNU</subfield></datafield><datafield ind1="0" ind2=" " tag="041"><subfield code="a">ara</subfield><subfield code="a">per</subfield></datafield><datafield ind1="0" ind2=" " tag="100"><subfield code="6">880-01</subfield><subfield code="a">Muh&#803;ammad ibn Ba&#772;qir ibn &#699;Ali&#772; Riz&#804;a&#772;.</subfield></datafield><datafield ind1="1" ind2="0" tag="245"><subfield code="6">880-02</subfield><subfield code="a">Ja&#772;mi&#699; al-shawa&#772;hid</subfield><subfield code="h">[electronic resource] :</subfield><subfield code="b">min ta&#700;li&#772;fa&#772;t Mulla&#772; Muh&#803;ammad Ba&#772;qir.</subfield><subfield code="c">Tas&#803;h&#803;i&#772;h&#803; wa muqa&#772;bilah, Ghula&#772;m Riz&#804;a&#772; ibn Muh&#803;ammad Sa&#699;i&#772;d al-Khunsa&#772;ri&#772;.</subfield></datafield><datafield ind1=" " ind2=" " tag="260"><subfield code="6">880-03</subfield><subfield code="a">T&#803;ihra&#772;n,</subfield><subfield code="c">1278, 1861]</subfield></datafield><datafield ind1=" " ind2=" " tag="300"><subfield code="a">online resource (1 v. (unpaged))</subfield></datafield><datafield ind1=" " ind2=" " tag="500"><subfield code="a">Part of the Arabic Collections Online (ACO) project, contributed by Columbia University Libraries.</subfield></datafield><datafield ind1=" " ind2=" " tag="533"><subfield code="a">Electronic reproduction.</subfield><subfield code="b">New York, N.Y. :</subfield><subfield code="c">New York University,</subfield><subfield code="d">2015.</subfield><subfield code="5">NNU</subfield></datafield><datafield ind1=" " ind2=" " tag="546"><subfield code="a">Commentaries in Persian.</subfield></datafield><datafield ind1=" " ind2="0" tag="650"><subfield code="a">Arabic philology.</subfield></datafield><datafield ind1=" " ind2="7" tag="650"><subfield code="a">Arabic philology.</subfield><subfield code="2">fast</subfield><subfield code="0">(OCoLC)fst00812526</subfield></datafield><datafield ind1="1" ind2=" " tag="700"><subfield code="6">880-04</subfield><subfield code="a">Khunsa&#772;ri&#772;, Ghula&#772;m Riz&#804;a&#772;,</subfield><subfield code="e">ed.</subfield></datafield><datafield ind1="2" ind2=" " tag="710"><subfield code="a">Columbia University.</subfield><subfield code="b">Libraries.</subfield></datafield><datafield ind1="0" ind2=" " tag="730"><subfield code="a">Arabic Collections Online.</subfield></datafield><datafield ind1="0" ind2="8" tag="776"><subfield code="i">Online version:</subfield><subfield code="a">Muh&#803;ammad ibn Ba&#772;qir ibn &#699;Ali&#772; Riz&#804;a&#772;</subfield><subfield code="t">Ja&#772;mi&#699;al-shawa&#772;hid.</subfield><subfield code="d">T&#803;ihra&#772;n, 1278, 1861]</subfield><subfield code="w">(OCoLC)654022077</subfield></datafield><datafield ind1="0" ind2="8" tag="776"><subfield code="i">Print version:</subfield><subfield code="a">Muh&#803;ammad ibn Ba&#772;qir ibn &#699;Ali&#772; Riz&#804;a&#772;.</subfield><subfield code="t">Ja&#772;mi&#699; al-shawa&#772;hid</subfield><subfield code="w">(NNC)3073849</subfield><subfield code="w">(OCoLC)47850265</subfield></datafield><datafield ind1="4" ind2="0" tag="856"><subfield code="u">http://hdl.handle.net/2333.1/nk98sh4w</subfield></datafield><datafield ind1="0" ind2=" " tag="880"><subfield code="6">100-01/r</subfield><subfield code="a">&#1605;&#1581;&#1605;&#1583; &#1576;&#1606; &#1576;&#1575;&#1602;&#1585; &#1576;&#1606; &#1593;&#1604;&#1609; &#1585;&#1590;&#1575;.</subfield></datafield><datafield ind1="1" ind2="0" tag="880"><subfield code="6">245-02/r</subfield><subfield code="a">&#1580;&#1575;&#1605;&#1593; &#1575;&#1604;&#1588;&#1608;&#1575;&#1607;&#1583;&#1548;</subfield><subfield code="b">&#1605;&#1606; &#1578;&#1571;&#1604;&#1610;&#1601;&#1575;&#1578; &#1605;&#1604;&#1575; &#1605;&#1581;&#1605;&#1583; &#1576;&#1575;&#1602;&#1585;.</subfield><subfield code="c">&#1578;&#1589;&#1581;&#1609;&#1581; &#1608; &#1605;&#1602;&#1575;&#1576;&#1604;&#1607;&#1548; &#1594;&#1604;&#1575;&#1605; &#1585;&#1590;&#1575; &#1576;&#1606; &#1605;&#1581;&#1605;&#1583; &#1587;&#1593;&#1609;&#1583; &#1575;&#1604;&#1582;&#1606;&#1587;&#1575;&#1585;&#1609;.</subfield></datafield><datafield ind1=" " ind2=" " tag="880"><subfield code="6">260-03/r</subfield><subfield code="a">&#1591;&#1607;&#1585;&#1575;&#1606;&#1548;</subfield><subfield code="c">1278&#1548; 1861]</subfield></datafield><datafield ind1="1" ind2=" " tag="880"><subfield code="6">700-04/r</subfield><subfield code="a">&#1582;&#1606;&#1587;&#1575;&#1585;&#1609;&#1548; &#1594;&#1604;&#1575;&#1605; &#1585;&#1590;&#1575;&#1548;</subfield><subfield code="e">ed.</subfield></datafield><datafield ind1=" " ind2=" " tag="959"><subfield code="a">NNU</subfield><subfield code="b">WEB</subfield><subfield code="c">GENI</subfield><subfield code="t">0</subfield><subfield code="m">Electronic access</subfield><subfield code="s">01</subfield></datafield><datafield ind1=" " ind2=" " tag="999"><subfield code="i">NNC_3073849</subfield><subfield code="o">(OCoLC)47850265</subfield><subfield code="e">OK</subfield><subfield code="s">columbia_aco000010</subfield></datafield></record>